<record><leader>00000cas a2200000 a 4500</leader><controlfield tag="001">12889106</controlfield><controlfield tag="008">851210d19441947nyudn ne      0   a0eng  </controlfield><datafield ind1=" " ind2=" " tag="010"><subfield code="a">sn 85042833 </subfield></datafield><datafield ind1=" " ind2=" " tag="040"><subfield code="a">DLC</subfield><subfield code="b">eng</subfield><subfield code="c">DLC</subfield><subfield code="d">CRL</subfield><subfield code="d">NYS</subfield><subfield code="d">NVF</subfield><subfield code="d">DLC</subfield><subfield code="d">OCLCQ</subfield><subfield code="d">OCLCA</subfield><subfield code="d">OCLCF</subfield><subfield code="d">DLC</subfield></datafield><datafield ind1=" " ind2=" " tag="012"><subfield code="l">1</subfield></datafield><datafield ind1="0" ind2=" " tag="022"><subfield code="a">2574-5271</subfield><subfield code="2">1</subfield></datafield><datafield ind1=" " ind2=" " tag="042"><subfield code="a">pcc</subfield><subfield code="a">nsdp</subfield></datafield><datafield ind1=" " ind2=" " tag="043"><subfield code="a">n-us-ny</subfield></datafield><datafield ind1="0" ind2="0" tag="050"><subfield code="a">Newspaper</subfield></datafield><datafield ind1="1" ind2="0" tag="082"><subfield code="a">070</subfield><subfield code="2">23</subfield></datafield><datafield ind1="0" ind2=" " tag="130"><subfield code="a">Newsday (Bay Shore, N.Y.)</subfield></datafield><datafield ind1=" " ind2="0" tag="222"><subfield code="a">Newsday</subfield><subfield code="b">(Bay Shore, N.Y.)</subfield></datafield><datafield ind1="1" ind2="0" tag="245"><subfield code="a">Newsday.</subfield></datafield><datafield ind1=" " ind2=" " tag="250"><subfield code="a">South Suffolk ed.</subfield></datafield><datafield ind1=" " ind2=" " tag="260"><subfield code="a">Bay Shore, N.Y. :</subfield><subfield code="b">Alicia Patterson &amp; Henry F. Guggenheim</subfield></datafield><datafield ind1=" " ind2=" " tag="310"><subfield code="a">Daily (except Sunday)</subfield></datafield><datafield ind1="0" ind2=" " tag="362"><subfield code="a">Vol. 1, no. 1 (July 17, 1944)-v. 3, no. 186 (Feb. 24, 1947).</subfield></datafield><datafield ind1=" " ind2="0" tag="651"><subfield code="a">Bay Shore (N.Y.)</subfield><subfield code="v">Newspapers.</subfield></datafield><datafield ind1=" " ind2="0" tag="651"><subfield code="a">Suffolk County (N.Y.)</subfield><subfield code="v">Newspapers.</subfield></datafield><datafield ind1=" " ind2="7" tag="651"><subfield code="a">New York (State)</subfield><subfield code="z">Bay Shore.</subfield><subfield code="2">fast</subfield><subfield code="0">(OCoLC)fst01217346</subfield></datafield><datafield ind1=" " ind2="7" tag="651"><subfield code="a">New York (State)</subfield><subfield code="z">Suffolk County.</subfield><subfield code="2">fast</subfield><subfield code="0">(OCoLC)fst01207260</subfield></datafield><datafield ind1=" " ind2="7" tag="655"><subfield code="a">Newspapers.</subfield><subfield code="2">fast</subfield><subfield code="0">(OCoLC)fst01423814</subfield></datafield><datafield ind1=" " ind2=" " tag="752"><subfield code="a">United States</subfield><subfield code="b">New York</subfield><subfield code="c">Suffolk</subfield><subfield code="d">Bay Shore.</subfield></datafield><datafield ind1="0" ind2=" " tag="775"><subfield code="t">Newsday (Hempstead, N.Y. : Nassau ed.)</subfield><subfield code="x">0278-5587</subfield><subfield code="w">(DLC)sn2001058015</subfield><subfield code="w">(OCoLC)5371847</subfield></datafield><datafield ind1="0" ind2=" " tag="775"><subfield code="t">Newsday (Hempstead, N.Y. : Hempstead Township ed.) dx 2574-528X</subfield><subfield code="w">(DLC)sn 85042839</subfield><subfield code="w">(OCoLC)12893103</subfield></datafield><datafield ind1="0" ind2=" " tag="775"><subfield code="t">Newsday (Hempstead, N.Y. : Suffolk ed.)</subfield><subfield code="x">2574-5298</subfield><subfield code="w">(DLC)sn 85042840</subfield><subfield code="w">(OCoLC)12893149</subfield></datafield><datafield ind1="1" ind2=" " tag="029"><subfield code="a">AU@</subfield><subfield code="b">000022692490</subfield></datafield></record>